@misc{beekeeper2024,
  title = {Пчеловод},
  author = {Дэвид Эйер},
  year = {2024},
  howpublished = {Фильм}
}

@misc{fraud2024,
  author = {Александр Кирьяков},
  title = {Как я вычислил схему мошенничества, которая чуть не лишила меня 55 000 ₽},
  howpublished = {Электронный ресурс},
  year = {2024},
  note = {Онлайн журнал},
  url = {https://journal.tinkoff.ru/fraud-stories-vychislil-skhemu},
  urldate = {2024-12-25}
}
